@inproceedings{herlihy2018atomic,
  title={{Atomic cross-chain swaps}},
  author={Herlihy, Maurice},
  booktitle={Proceedings of the 2018 ACM Symposium on Principles of Distributed Computing},
  pages={245--254},
  year={2018},
  organization={ACM}
}

@article{buterin2016chain,
  title={Chain interoperability},
  author={Buterin, Vitalik},
  journal={R3 Research Paper},
  year={2016}
}

@misc{nolan2013alt,
  title={{Alt chains and atomic transfers. bitcointalk. org}},
  author={Nolan, Tier},
  year={2013},
  url={https://bitcointalk.org/index.php?topic=193281.0}
}

@misc{paychannel2018btcwiki,
  title={{Payment channels - Bitcoin Wiki}},
  author={Almkglor and Harding},
  year={2018},
  url={https://en.bitcoin.it/wiki/Payment_channels}
}

@article{back2014enabling,
  title={Enabling blockchain innovations with pegged sidechains},
  author={Back, Adam and Corallo, Matt and Dashjr, Luke and Friedenbach, Mark and Maxwell, Gregory and Miller, Andrew and Poelstra, Andrew and Tim{\'o}n, Jorge and Wuille, Pieter},
  journal={URL: http://www. opensciencereview. com/papers/123/enablingblockchain-innovations-with-pegged-sidechains},
  pages={72},
  year={2014}
}

@misc{hashlock2019btcwiki,
  title={{Hashlock - Bitcoin Wiki}},
  author={Belcher and Harding},
  year={2019},
  url={https://en.bitcoin.it/wiki/Hashlock}
}

@article{van2018specification,
  title={{On the specification and verification of atomic swap smart contracts}},
  author={van der Meyden, Ron},
  journal={arXiv preprint arXiv:1811.06099},
  year={2018}
}

@misc{optionality-origin,
  title={{An Argument For Single-Asset Lightning Network. Lightning-dev}},
  author={ZmnSCPxj},
  url={https://lists.linuxfoundation.org/pipermail/lightning-dev/2018-December/001752.html},
  year={2018},
}



@misc{first-attempt-optionality,
  title={{The state of atomic swaps. diyhpl.us}},
  author={Thomas Eizinger, Lloyd Fournier and Phillip Hoenisch},
  url={http://diyhpl.us/wiki/transcripts/scalingbitcoin/tokyo-2018/atomic-swaps/},
  year={2018}
}

@article{black1973pricing,
  title={{The pricing of options and corporate liabilities}},
  author={Black, Fischer and Scholes, Myron},
  journal={Journal of political economy},
  volume={81},
  number={3},
  pages={637--654},
  year={1973},
  publisher={The University of Chicago Press}
}

@article{cox1979option,
  title={{Option pricing: A simplified approach}},
  author={Cox, John C and Ross, Stephen A and Rubinstein, Mark},
  journal={Journal of financial Economics},
  volume={7},
  number={3},
  pages={229--263},
  year={1979},
  publisher={Elsevier}
}

@book{higham2004introduction,
  title={{An introduction to financial option valuation: mathematics, stochastics and computation}},
  author={Higham, Desmond J},
  volume={13},
  year={2004},
  publisher={Cambridge University Press}
}

@misc{poon2016bitcoin,
  title={{The bitcoin lightning network: Scalable off-chain instant payments}},
  author={Poon, Joseph and Dryja, Thaddeus},
  year={2016}
}

@book{hull1991introduction,
  title={{Introduction to futures and options markets}},
  author={Hull, John},
  year={1991},
  publisher={prentice Hall Englewood Cliffs, NJ}
}

@article{wood2014ethereum,
  title={{Ethereum: A secure decentralised generalised transaction ledger}},
  author={Wood, Gavin and others},
  journal={Ethereum project yellow paper},
  volume={151},
  pages={1--32},
  year={2014}
}

@article{nakamoto2008bitcoin,
  title={Bitcoin: A peer-to-peer electronic cash system},
  author={Nakamoto, Satoshi and others},
  year={2008},
  publisher={Working Paper}
}

@article{okupski2014bitcoin,
  title={Bitcoin developer reference},
  author={Okupski, Krzysztof},
  journal={Eindhoven},
  year={2014}
}

@misc{op-lookup-output-origin,
  title={{Bitcoin script for a competitive crowdfunding-like contract}},
  author={Martin Brown},
  url={https://bitcoin.stackexchange.com/questions/36229/bitcoin-script-for-a-competitive-crowdfunding-like-contract},
  year={2015}
}

@article{robinson2019atomic,
  title={Atomic Crosschain Transactions for Ethereum Private Sidechains},
  author={Robinson, Peter and Hyland-Wood, David and Saltini, Roberto and Johnson, Sandra and Brainard, John},
  journal={arXiv preprint arXiv:1904.12079},
  year={2019}
}

@article{zakhary2019atomic,
  title={Atomic Commitment Across Blockchains},
  author={Zakhary, Victor and Agrawal, Divyakant and Abbadi, Amr El},
  journal={arXiv preprint arXiv:1905.02847},
  year={2019}
}

@article{liu2018atomic,
  title={Atomic Swaptions: Cryptocurrency Derivatives},
  author={Liu, James A},
  journal={arXiv preprint arXiv:1807.08644},
  year={2018}
}